 
 %conference, inbook, incollection, inproceedings, manual, misc, mastersthesis, phdthesis, proceedings, techreport, unpublished 

@inproceedings{zhang2011boosted,
  title={Boosted local structured hog-lbp for object localization},
  author={Zhang, Junge and Huang, Kaiqi and Yu, Yinan and Tan, Tieniu},
  booktitle={Computer Vision and Pattern Recognition (CVPR), 2011 IEEE Conference on},
  pages={1393--1400},
  year={2011},
  organization={IEEE}
}

@inproceedings{yan2015object,
  title={Object Detection by Labeling Superpixels},
  author={Yan, Junjie and Yu, Yinan and Zhu, Xiangyu and Lei, Zhen and Li, Stan Z},
  booktitle={Proceedings of the IEEE Conference on Computer Vision and Pattern Recognition},
  pages={5107--5116},
  year={2015}
}


@inproceedings{yu2010object,
  title={Object detection by context and boosted HOG-LBP},
  author={Yu, Yinan and Zhang, Junge and Huang, Yongzhen and Zheng, Shuai and Ren, Weiqiang and Wang, Chong and Huang, K and Tan, T},
  booktitle={VOC Workshop Talk},
  pages={104},
  year={2010}
}


@article{szegedy2014going,
  title={Going deeper with convolutions},
  author={Szegedy, Christian and Liu, Wei and Jia, Yangqing and Sermanet, Pierre and Reed, Scott and Anguelov, Dragomir and Erhan, Dumitru and Vanhoucke, Vincent and Rabinovich, Andrew},
  journal={arXiv preprint arXiv:1409.4842},
  year={2014}
}

@inproceedings{xiang2015data,
  title={Data-Driven 3D Voxel Patterns for Object Category Recognition},
  author={Xiang, Yu and Choi, Wongun and Lin, Yuanqing and Savarese, Silvio},
  booktitle={Proceedings of the IEEE Conference on Computer Vision and Pattern Recognition},
  pages={1903--1911},
  year={2015}
}

@incollection{long2015accurate,
  title={Accurate Object Detection with Location Relaxation and Regionlets Re-localization},
  author={Long, Chengjiang and Wang, Xiaoyu and Hua, Gang and Yang, Ming and Lin, Yuanqing},
  booktitle={Computer Vision--ACCV 2014},
  pages={260--275},
  year={2015},
  publisher={Springer}
}

@incollection{li2014integrating,
  title={Integrating context and occlusion for car detection by hierarchical and-or model},
  author={Li, Bo and Wu, Tianfu and Zhu, Song-Chun},
  booktitle={Computer Vision--ECCV 2014},
  pages={652--667},
  year={2014},
  publisher={Springer}
}

@article{jain2010fddb,
  title={Fddb: A benchmark for face detection in unconstrained settings},
  author={Jain, Vidit and Learned-Miller, Erik G},
  journal={UMass Amherst Technical Report},
  year={2010}
}

@article{long2014fully,
  title={Fully convolutional networks for semantic segmentation},
  author={Long, Jonathan and Shelhamer, Evan and Darrell, Trevor},
  journal={arXiv preprint arXiv:1411.4038},
  year={2014}
}

@inproceedings{long2015fully,
  title={Fully Convolutional Networks for Semantic Segmentation},
  author={Long, Jonathan and Shelhamer, Evan and Darrell, Trevor},
  booktitle={Proceedings of the IEEE Conference on Computer Vision and Pattern Recognition},
  pages={3431--3440},
  year={2015}
}

@inproceedings{krizhevsky2012imagenet,
  title={Imagenet classification with deep convolutional neural networks},
  author={Krizhevsky, Alex and Sutskever, Ilya and Hinton, Geoffrey E},
  booktitle={Advances in neural information processing systems},
  pages={1097--1105},
  year={2012}
}

@article{sermanet2013overfeat,
  title={Overfeat: Integrated recognition, localization and detection using convolutional networks},
  author={Sermanet, Pierre and Eigen, David and Zhang, Xiang and Mathieu, Micha{\"e}l and Fergus, Rob and LeCun, Yann},
  journal={arXiv preprint arXiv:1312.6229},
  year={2013}
}

@inproceedings{tompson2014joint,
  title={Joint training of a convolutional network and a graphical model for human pose estimation},
  author={Tompson, Jonathan J and Jain, Arjun and LeCun, Yann and Bregler, Christoph},
  booktitle={Advances in Neural Information Processing Systems},
  pages={1799--1807},
  year={2014}
}

 @article{liu2015parsenet,
  title={ParseNet: Looking Wider to See Better},
  author={Liu, Wei and Rabinovich, Andrew and Berg, Alexander C},
  journal={arXiv preprint arXiv:1506.04579},
  year={2015}
}
 
 @article{bertasius2014deepedge,
  title={DeepEdge: A Multi-Scale Bifurcated Deep Network for Top-Down Contour Detection},
  author={Bertasius, Gedas and Shi, Jianbo and Torresani, Lorenzo},
  journal={arXiv preprint arXiv:1412.1123},
  year={2014}
}
 
 @article{simonyan2014very,
  title={Very deep convolutional networks for large-scale image recognition},
  author={Simonyan, Karen and Zisserman, Andrew},
  journal={arXiv preprint arXiv:1409.1556},
  year={2014}
}
 
 @article{pinheiro2015learning,
  title={Learning to Segment Object Candidates},
  author={Pinheiro, Pedro O and Collobert, Ronan and Dollar, Piotr},
  journal={arXiv preprint arXiv:1506.06204},
  year={2015}
}
 
 
 @article{ouyang2014deepid,
  title={Deepid-net: multi-stage and deformable deep convolutional neural networks for object detection},
  author={Ouyang, Wanli and Luo, Ping and Zeng, Xingyu and Qiu, Shi and Tian, Yonglong and Li, Hongsheng and Yang, Shuo and Wang, Zhe and Xiong, Yuanjun and Qian, Chen and others},
  journal={arXiv preprint arXiv:1409.3505},
  year={2014}
}
 
 @inproceedings{li2015convolutional,
  title={A Convolutional Neural Network Cascade for Face Detection},
  author={Li, Haoxiang and Lin, Zhe and Shen, Xiaohui and Brandt, Jonathan and Hua, Gang},
  booktitle={Proceedings of the IEEE Conference on Computer Vision and Pattern Recognition},
  pages={5325--5334},
  year={2015}
}
 
 @inproceedings{erhan2014scalable,
  title={Scalable object detection using deep neural networks},
  author={Erhan, Dumitru and Szegedy, Christian and Toshev, Alexander and Anguelov, Dragomir},
  booktitle={Computer Vision and Pattern Recognition (CVPR), 2014 IEEE Conference on},
  pages={2155--2162},
  year={2014},
  organization={IEEE}
}
 
 @article{girshick2015fast,
  title={Fast R-CNN},
  author={Girshick, Ross},
  journal={arXiv preprint arXiv:1504.08083},
  year={2015}
}
 
 @article{rowley1998neural,
  title={Neural network-based face detection},
  author={Rowley, Henry and Baluja, Shumeet and Kanade, Takeo and others},
  journal={Pattern Analysis and Machine Intelligence, IEEE Transactions on},
  volume={20},
  number={1},
  pages={23--38},
  year={1998},
  publisher={IEEE}
}
@inproceedings{rowley1998rotation,
  title={Rotation invariant neural network-based face detection},
  author={Rowley, Henry and Baluja, Shumeet and Kanade, Takeo and others},
  booktitle={Computer Vision and Pattern Recognition, 1998. Proceedings. 1998 IEEE Computer Society Conference on},
  pages={38--44},
  year={1998},
  organization={IEEE}
}
 
 @article{vaillant1994original,
  title={Original approach for the localisation of objects in images},
  author={Vaillant, R{\'e}gis and Monrocq, Christophe and Le Cun, Yann},
  journal={IEE Proceedings-Vision, Image and Signal Processing},
  volume={141},
  number={4},
  pages={245--250},
  year={1994},
  publisher={IET}
}
 
@INPROCEEDINGS{Geiger2012CVPR,
  author = {Andreas Geiger and Philip Lenz and Raquel Urtasun},
  title = {Are we ready for Autonomous Driving? The KITTI Vision Benchmark Suite},
  booktitle = {Conference on Computer Vision and Pattern	Recognition (CVPR)},
  year = {2012}
}
 
@inproceedings{faceevaluation15,
title={Fine-grained Evaluation on Face Detection in the Wild},
author={Yang, Bin and Yan, Junjie and Lei, Zhen and Li, Stan Z},
booktitle={Automatic Face and Gesture Recognition (FG), 11th IEEE International 
Conference on},
year={2015},
organization={IEEE}
}
 
 
@article{felzenszwalb2010object,
  title={Object detection with discriminatively trained part-based models},
  author={Felzenszwalb, Pedro F and Girshick, Ross B and McAllester, David and Ramanan, Deva},
  journal={Pattern Analysis and Machine Intelligence, IEEE Transactions on},
  volume={32},
  number={9},
  pages={1627--1645},
  year={2010},
  publisher={IEEE}
}

@article{lowe2004distinctive,
  title={Distinctive image features from scale-invariant keypoints},
  author={Lowe, David G},
  journal={International journal of computer vision},
  volume={60},
  number={2},
  pages={91--110},
  year={2004},
  publisher={Springer}
}

@inproceedings{dalal2005histograms,
  title={Histograms of oriented gradients for human detection},
  author={Dalal, Navneet and Triggs, Bill},
  booktitle={Computer Vision and Pattern Recognition, 2005. CVPR 2005. IEEE Computer Society Conference on},
  volume={1},
  pages={886--893},
  year={2005},
  organization={IEEE}
}

@inproceedings{cinbis2013segmentation,
  title={Segmentation driven object detection with Fisher vectors},
  author={Cinbis, Ramazan Gokberk and Verbeek, Jakob and Schmid, Cordelia},
  booktitle={Computer Vision (ICCV), 2013 IEEE International Conference on},
  pages={2968--2975},
  year={2013},
  organization={IEEE}
}

@inproceedings{girshick2014rich,
  title={Rich feature hierarchies for accurate object detection and semantic segmentation},
  author={Girshick, Ross and Donahue, Jeff and Darrell, Trevor and Malik, Jagannath},
  booktitle={Computer Vision and Pattern Recognition (CVPR), 2014 IEEE Conference on},
  pages={580--587},
  year={2014},
  organization={IEEE}
}



@article{ren2015faster,
  title={Faster r-cnn: Towards real-time object detection with region proposal networks},
  author={Ren, Shaoqing and He, Kaiming and Girshick, Ross and Sun, Jian},
  journal={arXiv preprint arXiv:1506.01497},
  year={2015}
}

@article{YOLO,
  author    = {Joseph Redmon and
               Santosh Kumar Divvala and
               Ross B. Girshick and
               Ali Farhadi},
  title     = {You Only Look Once: Unified, Real-Time Object Detection},
  journal   = {arXiv preprint},
  volume    = {abs/1506.02640},
  year      = {2015},
  url       = {http://arxiv.org/abs/1506.02640},
  timestamp = {Wed, 01 Jul 2015 15:10:24 +0200},
  biburl    = {http://dblp.uni-trier.de/rec/bib/journals/corr/RedmonDGF15},
  bibsource = {dblp computer science bibliography, http://dblp.org}
}

@article{LencV15,
  author    = {Karel Lenc and
               Andrea Vedaldi},
  title     = {{R-CNN} minus {R}},
  journal   = {arXiv preprint},
  volume    = {abs/1506.06981},
  year      = {2015},
  url       = {http://arxiv.org/abs/1506.06981},
  timestamp = {Wed, 01 Jul 2015 15:10:24 +0200},
  biburl    = {http://dblp.uni-trier.de/rec/bib/journals/corr/LencV15},
  bibsource = {dblp computer science bibliography, http://dblp.org}
}


@article{farfade2015multi,
  title={Multi-view Face Detection Using Deep Convolutional Neural Networks},
  author={Farfade, Sachin Sudhakar and Saberian, Mohammad and Li, Li-Jia},
  journal={arXiv preprint arXiv:1502.02766},
  year={2015}
}

@article{viola2004robust,
  title={Robust real-time face detection},
  author={Viola, Paul and Jones, Michael J},
  journal={International journal of computer vision},
  volume={57},
  number={2},
  pages={137--154},
  year={2004},
  publisher={Springer}
}

@article{everingham2010pascal,
  title={The pascal visual object classes (voc) challenge},
  author={Everingham, Mark and Van Gool, Luc and Williams, Christopher KI and Winn, John and Zisserman, Andrew},
  journal={International journal of computer vision},
  volume={88},
  number={2},
  pages={303--338},
  year={2010},
  publisher={Springer}
}

@article{russakovsky2014imagenet,
  title={Imagenet large scale visual recognition challenge},
  author={Russakovsky, Olga and Deng, Jia and Su, Hao and Krause, Jonathan and Satheesh, Sanjeev and Ma, Sean and Huang, Zhiheng and Karpathy, Andrej and Khosla, Aditya and Bernstein, Michael and others},
  journal={International Journal of Computer Vision},
  pages={1--42},
  year={2014},
  publisher={Springer}
}

@article{pepik2015holding,
  title={What is Holding Back Convnets for Detection?},
  author={Pepik, Bojan and Benenson, Rodrigo and Ritschel, Tobias and Schiele, Bernt},
  journal={arXiv preprint arXiv:1508.02844},
  year={2015}
}

@article{bengio2013representation,
  title={Representation learning: A review and new perspectives},
  author={Bengio, Yoshua and Courville, Aaron and Vincent, Pierre},
  journal={Pattern Analysis and Machine Intelligence, IEEE Transactions on},
  volume={35},
  number={8},
  pages={1798--1828},
  year={2013},
  publisher={IEEE}
}

@incollection{he2014spatial,
  title={Spatial pyramid pooling in deep convolutional networks for visual recognition},
  author={He, Kaiming and Zhang, Xiangyu and Ren, Shaoqing and Sun, Jian},
  booktitle={Computer Vision--ECCV 2014},
  pages={346--361},
  year={2014},
  publisher={Springer}
}

@inproceedings{zhu2012face,
  title={Face detection, pose estimation, and landmark localization in the wild},
  author={Zhu, Xiangxin and Ramanan, Deva},
  booktitle={Computer Vision and Pattern Recognition (CVPR), 2012 IEEE Conference on},
  pages={2879--2886},
  year={2012},
  organization={IEEE}
}

@article{felzenszwalb2005pictorial,
  title={Pictorial structures for object recognition},
  author={Felzenszwalb, Pedro F and Huttenlocher, Daniel P},
  journal={International Journal of Computer Vision},
  volume={61},
  number={1},
  pages={55--79},
  year={2005},
  publisher={Springer}
}

@article{yang2013articulated,
  title={Articulated human detection with flexible mixtures of parts},
  author={Yang, Yi and Ramanan, Deva},
  journal={Pattern Analysis and Machine Intelligence, IEEE Transactions on},
  volume={35},
  number={12},
  pages={2878--2890},
  year={2013},
  publisher={IEEE}
}

@incollection{dollar2012crosstalk,
  title={Crosstalk cascades for frame-rate pedestrian detection},
  author={Doll{\'a}r, Piotr and Appel, Ron and Kienzle, Wolf},
  booktitle={Computer Vision--ECCV 2012},
  pages={645--659},
  year={2012},
  publisher={Springer}
}

@inproceedings{devries2014multi,
  title={Multi-task Learning of Facial Landmarks and Expression},
  author={Devries, Terrance and Biswaranjan, Kumar and Taylor, Graham W},
  booktitle={Computer and Robot Vision (CRV), 2014 Canadian Conference on},
  pages={98--103},
  year={2014},
  organization={IEEE}
}

@inproceedings{li2014heterogeneous,
  title={Heterogeneous multi-task learning for human pose estimation with deep convolutional neural network},
  author={Li, Sijin and Liu, Zhi-Qiang and Chan, Antoni B},
  booktitle={Computer Vision and Pattern Recognition Workshops (CVPRW), 2014 IEEE Conference on},
  pages={488--495},
  year={2014},
  organization={IEEE}
}

@inproceedings{lazebnik2006beyond,
  title={Beyond bags of features: Spatial pyramid matching for recognizing natural scene categories},
  author={Lazebnik, Svetlana and Schmid, Cordelia and Ponce, Jean},
  booktitle={Computer Vision and Pattern Recognition, 2006 IEEE Computer Society Conference on},
  volume={2},
  pages={2169--2178},
  year={2006},
  organization={IEEE}
}
